{
  "balance": 2352.041863,
  "positions": {
    "BTCUSDT": {
      "size": 0.1198,
      "avgEntryPrice": 63585.380749161064
    },
    "SOLUSDT": {
      "size": 0.001,
      "avgEntryPrice": 69.01
    },
    "BNBUSDT": {
      "size": 0.05,
      "avgEntryPrice": 574.6
    },
    "ETHUSDT": {
      "size": 0.001,
      "avgEntryPrice": 1670.02
    }
  },
  "trades": [
    {
      "id": 1782077643085,
      "timestamp": "2026-06-21T21:34:03.085Z",
      "symbol": "BTCUSDT",
      "side": "buy",
      "price": 63534.7,
      "size": 0.1,
      "balanceAfter": 3646.5299999999997
    },
    {
      "id": 1782078401015,
      "timestamp": "2026-06-21T21:46:41.015Z",
      "symbol": "BTCUSDT",
      "side": "buy",
      "price": 63862.45,
      "size": 0.01,
      "balanceAfter": 3007.9055
    },
    {
      "id": 1782081103376,
      "timestamp": "2026-06-21T22:31:43.376Z",
      "symbol": "BTCUSDT",
      "side": "buy",
      "price": 63774.99,
      "size": 0.01,
      "balanceAfter": 2370.1556
    },
    {
      "id": 1782081742041,
      "timestamp": "2026-06-21T22:42:22.041Z",
      "symbol": "BTCUSDT",
      "side": "buy",
      "price": 63681.01,
      "size": 0.0005,
      "balanceAfter": 2338.315095
    },
    {
      "id": 1782173484933,
      "timestamp": "2026-06-23T00:11:24.933Z",
      "symbol": "BTCUSDT",
      "side": "buy",
      "price": 63938.98,
      "size": 0.0001,
      "balanceAfter": 2331.921197
    },
    {
      "id": 1782175078766,
      "timestamp": "2026-06-23T00:37:58.766Z",
      "symbol": "BTCUSDT",
      "side": "buy",
      "price": 63984.74,
      "size": 0.0005,
      "balanceAfter": 2299.928827
    },
    {
      "id": 1782175095727,
      "timestamp": "2026-06-23T00:38:15.727Z",
      "symbol": "BTCUSDT",
      "side": "buy",
      "price": 63987.39,
      "size": 0.0005,
      "balanceAfter": 2267.935132
    },
    {
      "id": 1782175116940,
      "timestamp": "2026-06-23T00:38:36.940Z",
      "symbol": "BTCUSDT",
      "side": "buy",
      "price": 63970,
      "size": 0.0001,
      "balanceAfter": 2261.538132
    },
    {
      "id": 1782175171104,
      "timestamp": "2026-06-23T00:39:31.104Z",
      "symbol": "BTCUSDT",
      "side": "sell",
      "price": 64003.44,
      "size": 0.0005,
      "balanceAfter": 2293.5398520000003
    },
    {
      "id": 1782175212104,
      "timestamp": "2026-06-23T00:40:12.104Z",
      "symbol": "BTCUSDT",
      "side": "sell",
      "price": 64014.99,
      "size": 0.001,
      "balanceAfter": 2357.5548420000005
    },
    {
      "id": 1782213272928,
      "timestamp": "2026-06-23T11:14:32.928Z",
      "symbol": "BTCUSDT",
      "side": "buy",
      "price": 62389.99,
      "size": 0.0001,
      "balanceAfter": 2351.3158430000003
    },
    {
      "id": 1782213301618,
      "timestamp": "2026-06-23T11:15:01.618Z",
      "symbol": "BTCUSDT",
      "side": "sell",
      "price": 62390.1,
      "size": 0.0005,
      "balanceAfter": 2382.510893
    },
    {
      "id": 1782236454330,
      "timestamp": "2026-06-23T17:40:54.330Z",
      "symbol": "SOLUSDT",
      "side": "buy",
      "price": 69.01,
      "size": 0.001,
      "balanceAfter": 2382.441883
    },
    {
      "id": 1782236613278,
      "timestamp": "2026-06-23T17:43:33.278Z",
      "symbol": "BNBUSDT",
      "side": "buy",
      "price": 574.6,
      "size": 0.05,
      "balanceAfter": 2353.711883
    },
    {
      "id": 1782262651840,
      "timestamp": "2026-06-24T00:57:31.840Z",
      "symbol": "ETHUSDT",
      "side": "buy",
      "price": 1670.02,
      "size": 0.001,
      "balanceAfter": 2352.041863
    }
  ]
}