{
  "balance": 2480.4997323519,
  "positions": {
    "BTCUSDT": {
      "size": 0.11757100000000001,
      "avgEntryPrice": 63583.19629827678
    },
    "SOLUSDT": {
      "size": 0.001,
      "avgEntryPrice": 69.01
    },
    "BNBUSDT": {
      "size": 0.05,
      "avgEntryPrice": 574.6
    },
    "ETHUSDT": {
      "size": 0.006,
      "avgEntryPrice": 1659.0033333333333
    },
    "XRPUSDT": {
      "size": 0.0014160000000065232,
      "avgEntryPrice": 1.0837596062835124
    }
  },
  "trades": [
    {
      "id": 1782077643085,
      "timestamp": "2026-06-21T21:34:03.085Z",
      "symbol": "BTCUSDT",
      "side": "buy",
      "price": 63534.7,
      "size": 0.1,
      "balanceAfter": 3646.5299999999997
    },
    {
      "id": 1782078401015,
      "timestamp": "2026-06-21T21:46:41.015Z",
      "symbol": "BTCUSDT",
      "side": "buy",
      "price": 63862.45,
      "size": 0.01,
      "balanceAfter": 3007.9055
    },
    {
      "id": 1782081103376,
      "timestamp": "2026-06-21T22:31:43.376Z",
      "symbol": "BTCUSDT",
      "side": "buy",
      "price": 63774.99,
      "size": 0.01,
      "balanceAfter": 2370.1556
    },
    {
      "id": 1782081742041,
      "timestamp": "2026-06-21T22:42:22.041Z",
      "symbol": "BTCUSDT",
      "side": "buy",
      "price": 63681.01,
      "size": 0.0005,
      "balanceAfter": 2338.315095
    },
    {
      "id": 1782173484933,
      "timestamp": "2026-06-23T00:11:24.933Z",
      "symbol": "BTCUSDT",
      "side": "buy",
      "price": 63938.98,
      "size": 0.0001,
      "balanceAfter": 2331.921197
    },
    {
      "id": 1782175078766,
      "timestamp": "2026-06-23T00:37:58.766Z",
      "symbol": "BTCUSDT",
      "side": "buy",
      "price": 63984.74,
      "size": 0.0005,
      "balanceAfter": 2299.928827
    },
    {
      "id": 1782175095727,
      "timestamp": "2026-06-23T00:38:15.727Z",
      "symbol": "BTCUSDT",
      "side": "buy",
      "price": 63987.39,
      "size": 0.0005,
      "balanceAfter": 2267.935132
    },
    {
      "id": 1782175116940,
      "timestamp": "2026-06-23T00:38:36.940Z",
      "symbol": "BTCUSDT",
      "side": "buy",
      "price": 63970,
      "size": 0.0001,
      "balanceAfter": 2261.538132
    },
    {
      "id": 1782175171104,
      "timestamp": "2026-06-23T00:39:31.104Z",
      "symbol": "BTCUSDT",
      "side": "sell",
      "price": 64003.44,
      "size": 0.0005,
      "balanceAfter": 2293.5398520000003
    },
    {
      "id": 1782175212104,
      "timestamp": "2026-06-23T00:40:12.104Z",
      "symbol": "BTCUSDT",
      "side": "sell",
      "price": 64014.99,
      "size": 0.001,
      "balanceAfter": 2357.5548420000005
    },
    {
      "id": 1782213272928,
      "timestamp": "2026-06-23T11:14:32.928Z",
      "symbol": "BTCUSDT",
      "side": "buy",
      "price": 62389.99,
      "size": 0.0001,
      "balanceAfter": 2351.3158430000003
    },
    {
      "id": 1782213301618,
      "timestamp": "2026-06-23T11:15:01.618Z",
      "symbol": "BTCUSDT",
      "side": "sell",
      "price": 62390.1,
      "size": 0.0005,
      "balanceAfter": 2382.510893
    },
    {
      "id": 1782236454330,
      "timestamp": "2026-06-23T17:40:54.330Z",
      "symbol": "SOLUSDT",
      "side": "buy",
      "price": 69.01,
      "size": 0.001,
      "balanceAfter": 2382.441883
    },
    {
      "id": 1782236613278,
      "timestamp": "2026-06-23T17:43:33.278Z",
      "symbol": "BNBUSDT",
      "side": "buy",
      "price": 574.6,
      "size": 0.05,
      "balanceAfter": 2353.711883
    },
    {
      "id": 1782262651840,
      "timestamp": "2026-06-24T00:57:31.840Z",
      "symbol": "ETHUSDT",
      "side": "buy",
      "price": 1670.02,
      "size": 0.001,
      "balanceAfter": 2352.041863
    },
    {
      "id": 1782299363011,
      "timestamp": "2026-06-24T11:09:23.011Z",
      "symbol": "XRPUSDT",
      "side": "buy",
      "price": 1.0838,
      "size": 65.104263,
      "balanceAfter": 2281.4818627606
    },
    {
      "id": 1782307339535,
      "timestamp": "2026-06-24T13:22:19.535Z",
      "symbol": "ETHUSDT",
      "side": "buy",
      "price": 1656.8,
      "size": 0.005,
      "balanceAfter": 2273.1978627606
    },
    {
      "id": 1782307942359,
      "timestamp": "2026-06-24T13:32:22.359Z",
      "symbol": "XRPUSDT",
      "side": "buy",
      "price": 1.0785,
      "size": 0.5,
      "balanceAfter": 2272.6586127606
    },
    {
      "id": 1782308151860,
      "timestamp": "2026-06-24T13:35:51.860Z",
      "symbol": "XRPUSDT",
      "side": "sell",
      "price": 1.0854,
      "size": 62.815552,
      "balanceAfter": 2340.8386129014
    },
    {
      "id": 1782308752117,
      "timestamp": "2026-06-24T13:45:52.117Z",
      "symbol": "XRPUSDT",
      "side": "sell",
      "price": 1.0799,
      "size": 2.787295,
      "balanceAfter": 2343.8486127719
    },
    {
      "id": 1782309474656,
      "timestamp": "2026-06-24T13:57:54.656Z",
      "symbol": "BTCUSDT",
      "side": "sell",
      "price": 61262.83,
      "size": 0.001148,
      "balanceAfter": 2414.1783416119
    },
    {
      "id": 1782310312649,
      "timestamp": "2026-06-24T14:11:52.649Z",
      "symbol": "BTCUSDT",
      "side": "sell",
      "price": 61323.54,
      "size": 0.001181,
      "balanceAfter": 2486.6014423519
    },
    {
      "id": 1782310802078,
      "timestamp": "2026-06-24T14:20:02.078Z",
      "symbol": "BTCUSDT",
      "side": "buy",
      "price": 61017.1,
      "size": 0.0001,
      "balanceAfter": 2480.4997323519
    }
  ]
}